<record><leader>00000cas a2200000 a 4500</leader><controlfield tag="001">43469508</controlfield><controlfield tag="007">hd afb---bucu</controlfield><controlfield tag="007">hd bfb---bubu</controlfield><controlfield tag="008">000216d19431972wauir nea     0    0eng c</controlfield><datafield ind1=" " ind2=" " tag="010"><subfield code="a">  2005252270</subfield></datafield><datafield ind1=" " ind2=" " tag="040"><subfield code="a">WRJ</subfield><subfield code="b">eng</subfield><subfield code="c">WRJ</subfield><subfield code="d">WAU</subfield><subfield code="d">OCLCQ</subfield><subfield code="d">OCLCF</subfield><subfield code="d">OCLCO</subfield><subfield code="d">OCLCQ</subfield></datafield><datafield ind1=" " ind2=" " tag="042"><subfield code="a">pcc</subfield></datafield><datafield ind1=" " ind2=" " tag="043"><subfield code="a">n-us-wa</subfield></datafield><datafield ind1="0" ind2="0" tag="245"><subfield code="a">Auburn globe-news.</subfield></datafield><datafield ind1=" " ind2=" " tag="260"><subfield code="a">Auburn, Wash. :</subfield><subfield code="b">[publisher not identified],</subfield><subfield code="c">1943-1972.</subfield></datafield><datafield ind1=" " ind2=" " tag="300"><subfield code="a">volumes :</subfield><subfield code="b">illustrations</subfield></datafield><datafield ind1=" " ind2=" " tag="310"><subfield code="a">Three times a week,</subfield><subfield code="b">-1972</subfield></datafield><datafield ind1=" " ind2=" " tag="321"><subfield code="a">Weekly,</subfield><subfield code="b">1943-</subfield></datafield><datafield ind1=" " ind2=" " tag="336"><subfield code="a">text</subfield><subfield code="b">txt</subfield><subfield code="2">rdacontent</subfield></datafield><datafield ind1=" " ind2=" " tag="337"><subfield code="a">microform</subfield><subfield code="b">h</subfield><subfield code="2">rdamedia</subfield></datafield><datafield ind1=" " ind2=" " tag="338"><subfield code="a">microfilm reel</subfield><subfield code="b">hd</subfield><subfield code="2">rdacarrier</subfield></datafield><datafield ind1="0" ind2=" " tag="362"><subfield code="a">Vol. 55, no. 6 (Apr. 7, 1943)-v. 83, no. 125 (Oct. 18, 1972).</subfield></datafield><datafield ind1=" " ind2=" " tag="580"><subfield code="a">Formed by the merger of: Auburn globe-republican, and: Auburn news (Auburn, Wash.).</subfield></datafield><datafield ind1=" " ind2=" " tag="533"><subfield code="a">Microfilm.</subfield><subfield code="b">[Seattle, Wash.] :</subfield><subfield code="c">Filmed by University of Washington Library.</subfield><subfield code="e">44 microfilm reels ; 35 mm.</subfield><subfield code="n">Filmed with other titles.</subfield></datafield><datafield ind1=" " ind2="0" tag="651"><subfield code="a">Auburn (Wash.)</subfield><subfield code="v">Newspapers.</subfield></datafield><datafield ind1=" " ind2="7" tag="651"><subfield code="a">Washington (State)</subfield><subfield code="z">Auburn.</subfield><subfield code="2">fast</subfield><subfield code="0">(OCoLC)fst01222708</subfield></datafield><datafield ind1=" " ind2="7" tag="655"><subfield code="a">Newspapers.</subfield><subfield code="2">fast</subfield><subfield code="0">(OCoLC)fst01423814</subfield></datafield><datafield ind1=" " ind2=" " tag="752"><subfield code="a">United States</subfield><subfield code="b">Washington</subfield><subfield code="c">King</subfield><subfield code="d">Auburn.</subfield></datafield><datafield ind1="1" ind2=" " tag="776"><subfield code="c">Original</subfield><subfield code="w">(DLC)sn 87093301</subfield><subfield code="w">(OCoLC)17238534</subfield></datafield><datafield ind1="1" ind2="4" tag="780"><subfield code="t">Auburn globe-republican</subfield><subfield code="w">(DLC)  2005252269</subfield><subfield code="w">(OCoLC)57680905</subfield></datafield><datafield ind1="1" ind2="4" tag="780"><subfield code="t">Auburn news (Auburn, Wash.)</subfield><subfield code="w">(DLC)  2005252266</subfield><subfield code="w">(OCoLC)57680662</subfield></datafield><datafield ind1="0" ind2="0" tag="785"><subfield code="t">Globe news</subfield><subfield code="w">(DLC)  2005252271</subfield></datafield><datafield ind1="1" ind2=" " tag="029"><subfield code="a">AU@</subfield><subfield code="b">000026750967</subfield></datafield></record>